<record xmlns="http://www.loc.gov/MARC21/slim" xmlns:xsi="http://www.w3.org/2001/XMLSchema-instance" xsi:schemaLocation="http://www.loc.gov/MARC21/slim http://www.loc.gov/standards/marcxml/schema/MARC21slim.xsd"><leader>02085nam a2200409   4500</leader><controlfield tag="001">3530149</controlfield><controlfield tag="003">NIC</controlfield><controlfield tag="006">m        d        </controlfield><controlfield tag="007">cr cn |||m|||a</controlfield><controlfield tag="008">150113s1968    iq      ob    001 p ara  </controlfield><datafield ind1=" " ind2=" " tag="040"><subfield code="a">NNU</subfield><subfield code="b">eng</subfield><subfield code="e">rda</subfield><subfield code="c">NNU</subfield></datafield><datafield ind1="0" ind2="4" tag="050"><subfield code="a">PJ7700.T3</subfield><subfield code="b">A6 1968</subfield></datafield><datafield ind1="0" ind2=" " tag="100"><subfield code="6">880-01</subfield><subfield code="a">Tawbah ibn al-H&#803;umayyir,</subfield><subfield code="d">-704?</subfield></datafield><datafield ind1="1" ind2="0" tag="240"><subfield code="a">Poems</subfield></datafield><datafield ind1="1" ind2="0" tag="245"><subfield code="6">880-02</subfield><subfield code="a">Di&#772;wa&#772;n Tawbah ibn al-H&#803;umayyir al-Khafa&#772;ji&#772; /</subfield><subfield code="c">tah&#803;qi&#772;q wa-ta&#699;li&#772;q wa-taqdi&#772;m Khali&#772;l Ibra&#772;hi&#772;m al-&#699;At&#803;i&#772;yah.</subfield></datafield><datafield ind1=" " ind2=" " tag="260"><subfield code="6">880-03</subfield><subfield code="a">Baghda&#772;d :</subfield><subfield code="b">Mat&#803;ba&#699;at al-Irsha&#772;d,</subfield><subfield code="c">1968.</subfield></datafield><datafield ind1=" " ind2=" " tag="300"><subfield code="a">online resource (143 pages)</subfield></datafield><datafield ind1=" " ind2=" " tag="336"><subfield code="a">text</subfield><subfield code="2">rdacontent</subfield></datafield><datafield ind1=" " ind2=" " tag="337"><subfield code="a">computer</subfield><subfield code="2">rdamedia</subfield></datafield><datafield ind1=" " ind2=" " tag="338"><subfield code="a">online resource</subfield><subfield code="2">rdacarrier</subfield></datafield><datafield ind1=" " ind2=" " tag="500"><subfield code="a">Poems.</subfield></datafield><datafield ind1=" " ind2=" " tag="500"><subfield code="a">Cover title: Diwan Tawbah bin al-Humair.</subfield></datafield><datafield ind1=" " ind2=" " tag="500"><subfield code="a">Part of the Arabic Collections Online (ACO) project, contributed by Cornell University Libraries.</subfield></datafield><datafield ind1=" " ind2=" " tag="504"><subfield code="a">Includes bibliographical references (pages 113-122) and indexes.</subfield></datafield><datafield ind1=" " ind2=" " tag="533"><subfield code="a">Electronic reproduction.</subfield><subfield code="b">New York, N.Y. :</subfield><subfield code="c">New York University,</subfield><subfield code="d">2015.</subfield><subfield code="5">NNU</subfield></datafield><datafield ind1="1" ind2=" " tag="700"><subfield code="6">880-04</subfield><subfield code="a">&#699;At&#803;i&#772;yah, Khali&#772;l Ibra&#772;hi&#772;m.</subfield></datafield><datafield ind1="2" ind2=" " tag="710"><subfield code="a">Cornell University.</subfield><subfield code="b">Libraries.</subfield></datafield><datafield ind1="0" ind2=" " tag="730"><subfield code="a">Arabic Collections Online.</subfield></datafield><datafield ind1="0" ind2="8" tag="776"><subfield code="i">Online version:</subfield><subfield code="a">Tawbah ibn al-H&#803;umayyir, -704?</subfield><subfield code="s">Poems.</subfield><subfield code="t">Di&#772;wa&#772;n Tawbah ibn al-H&#803;umayyir al-Khafa&#772;ji&#772;.</subfield><subfield code="d">Baghda&#772;d : Mat&#803;ba&#699;at al-Irsha&#772;d, 1968</subfield><subfield code="w">(OCoLC)572039528</subfield></datafield><datafield ind1="0" ind2="8" tag="776"><subfield code="i">Print version:</subfield><subfield code="a">Tawbah ibn al-H&#803;umayyir, -704?</subfield><subfield code="t">Di&#772;wa&#772;n Tawbah ibn al-H&#803;umayyir al-Khafa&#772;ji&#772;</subfield><subfield code="w">(NIC)3530149</subfield><subfield code="w">(DLC)ne 68002240 </subfield><subfield code="w">(OCoLC)12719869</subfield></datafield><datafield ind1="4" ind2="0" tag="856"><subfield code="u">http://hdl.handle.net/2333.1/47d7wp8c</subfield></datafield><datafield ind1="0" ind2=" " tag="880"><subfield code="6">100-01/r</subfield><subfield code="a">&#1578;&#1608;&#1576;&#1577; &#1576;&#1606; &#1575;&#1604;&#1581;&#1605;&#1610;&#1585;&#1548;,</subfield><subfield code="d">-704?</subfield></datafield><datafield ind1="1" ind2="0" tag="880"><subfield code="6">245-02/r</subfield><subfield code="a">&#1583;&#1610;&#1608;&#1575;&#1606; &#1578;&#1608;&#1576;&#1577; &#1576;&#1606; &#1575;&#1604;&#1581;&#1605;&#1610;&#1585; &#1575;&#1604;&#1582;&#1601;&#1575;&#1580;&#1610; /</subfield><subfield code="c">&#1578;&#1581;&#1602;&#1610;&#1602; &#1608;&#1578;&#1593;&#1604;&#1610;&#1602; &#1608;&#1578;&#1602;&#1583;&#1610;&#1605; &#1582;&#1604;&#1610;&#1604; &#1573;&#1576;&#1585;&#1575;&#1607;&#1610;&#1605; &#1575;&#1604;&#1593;&#1591;&#1610;&#1577;.</subfield></datafield><datafield ind1=" " ind2=" " tag="880"><subfield code="6">260-03/r</subfield><subfield code="a">&#1576;&#1594;&#1583;&#1575;&#1583; :</subfield><subfield code="b">&#1605;&#1591;&#1576;&#1593;&#1577; &#1575;&#1604;&#1573;&#1585;&#1588;&#1575;&#1583;&#1548;</subfield><subfield code="c">1968.</subfield></datafield><datafield ind1="1" ind2=" " tag="880"><subfield code="6">700-04/r</subfield><subfield code="a">&#1593;&#1591;&#1610;&#1577;&#1548; &#1582;&#1604;&#1610;&#1604; &#1573;&#1576;&#1585;&#1575;&#1607;&#1610;&#1605;.</subfield></datafield><datafield ind1=" " ind2=" " tag="959"><subfield code="a">NNU</subfield><subfield code="b">WEB</subfield><subfield code="c">GENI</subfield><subfield code="t">0</subfield><subfield code="m">Electronic access</subfield><subfield code="s">01</subfield></datafield><datafield ind1=" " ind2=" " tag="999"><subfield code="i">NIC_3530149</subfield><subfield code="o">(OCoLC)ocm12719869</subfield></datafield></record>